@misc{ wiki:scala,
   author = "Wikipedia",
   title = "Scala (programming language) --- Wikipedia{,} The Free Encyclopedia",
   year = "2014",
   howpublished = "\url{http://en.wikipedia.org/w/index.php?title=Scala_(programming_language)&oldid=596058129}",
   note = "[Online; accessed 21-February-2014]"
 }

@misc{ wiki:akka,
   author = "Wikipedia",
   title = "Akka (toolkit) --- Wikipedia{,} The Free Encyclopedia",
   year = "2014",
   howpublished = "\url{http://en.wikipedia.org/w/index.php?title=Akka_(toolkit)&oldid=593098346}",
   note = "[Online; accessed 21-February-2014]"
 }
 
@misc{ scala:futures,
   author = "Scala documentation",
   title = "Futures and Promises",
   year = "2014",
   howpublished = "\url{http://docs.scala-lang.org/overviews/core/futures.html}",
   note = "[Online; accessed 21-February-2014]"
 }

@misc{ scala:website,
   author = "Scala website",
   title = "The Scala Programming Language",
   year = "2014",
   howpublished = "\url{http://www.scala-lang.org/}",
   note = "[Online; accessed 21-February-2014]"
 }
 
 @misc{ akka:website,
   author = "Akka website",
   title = "Akka",
   year = "2014",
   howpublished = "\url{ http://akka.io/}",
   note = "[Online; accessed 21-February-2014]"
 }
